@article{1997,
  title={Buffer-Stock Saving and the Life Cycle/Permanent Income Hypothesis},
  author={Christopher D. Carroll},
  journal={The Quarterly Journal of Economics},
  volume={CXII},
  pages={1--55},
  year={1997},
  publisher={Oxford University Press}
}